@misc{lhcbcollaboration2022measurement,
      title={{Measurement of lepton universality parameters in $B^+\to K^+\ell^+\ell^-$ and $B^0\to K^{*0}\ell^+\ell^-$ decays}}, 
      author={{LHCb collaboration}},
      year={2022},
      eprint={2212.09153},
      archivePrefix={arXiv},
      primaryClass={hep-ex}
}

@misc{lhcbcollaboration2022test,
      title={{Test of lepton universality in $b \rightarrow s \ell^+ \ell^-$ decays}}, 
      author={{LHCb collaboration}},
      year={2022},
      eprint={2212.09152},
      archivePrefix={arXiv},
      primaryClass={hep-ex}
}

@misc{cali,
      title={{Measurement of the ratio of the leptonic widths $\Gamma_{ee}$/$\Gamma_{\mu\mu}$ for the $J$/$\Psi$ meson}}, 
      author={{KEDR collaboration}},
      year={2013},
      eprint={1311.5005},
      archivePrefix={arXiv},
      primaryClass={hep-ex}
}
@article{PhysRevLett.19.1264,
  title = {{A Model of Leptons}},
  author = {Weinberg, Steven},
  journal = {Phys. Rev. Lett.},
  volume = {19},
  issue = {21},
  pages = {1264--1266},
  numpages = {0},
  year = {1967},
  month = {Nov},
  publisher = {American Physical Society},
  doi = {10.1103/PhysRevLett.19.1264},
  url = {https://link.aps.org/doi/10.1103/PhysRevLett.19.1264}
}
@misc{buchm端ller2006field,
      title={{Field Theory and Standard Model}}, 
      author={W. Buchm端ller and C. L端deling},
      year={2006},
      eprint={hep-ph/0609174},
      archivePrefix={arXiv},
      primaryClass={hep-ph}
}
@article{PhysRevLett.68.3398,
  title = {{Measurement of the ratio B(W\ensuremath{\rightarrow}\ensuremath{\tau}\ensuremath{\nu})/B(W\ensuremath{\rightarrow}e\ensuremath{\nu}) in pp\ifmmode\bar\else\textasciimacron\fi{} collisions at \ensuremath{\surd}s =1.8 TeV}},
  author = {Abe et al.},
  journal = {Phys. Rev. Lett.},
  volume = {68},
  year = {1992},
  publisher = {American Physical Society},
  doi = {10.1103/PhysRevLett.68.3398}
}
@article{Abachi_1995,
	doi = {10.1103/physrevlett.75.1456},
  
	year = 1995,
	publisher = {{APS}},
  
	volume = {75},
  
	author = {{D0 collaboration}},
  
	title = {{$W$ and $Z$ Boson Production in $p\bar{p}$ Collisions at $\sqrt{s} = 1.8\si{\tera\electronvolt}$}},
  
	journal = {Phys. Rev. L}
}
@misc{blhcb,
      title={{Test of lepton universality in beauty-quark decays}}, 
      author={{LHCb collaboration}},
      year={2022},
      eprint={hep-ph/2103.11769},
      archivePrefix={arXiv},
      primaryClass={hep-ph}
}
@article{Bordone_2016,
	doi = {10.1140/epjc/s10052-016-4274-7},
  

	year = 2016,
  
	publisher = {Springer Science and Business Media {LLC}
},
  
	volume = {76},
  
	author = {Marzia Bordone and Gino Isidori and Andrea Pattori},
  
	title = {{On the standard model predictions for $R_K$ and $R_{K^*}$}},
  
	journal = {Eur. Phys. J. C.}
}
@article{Isidori_2020,
	doi = {10.1007/jhep12(2020)104},
  

	year = 2020,
  
	publisher = {Springer Science and Business Media {LLC}
},
  
	author = {Gino Isidori and Saad Nabeebaccus and Roman Zwicky},
  
	title = {{QED Corrections in $\overline{B} \rightarrow \overline{K} \ell^+ \ell^-$ at the Double-Differential Level}},
  
	journal = {JHEP}
}
@article{Hiller_2004,
	doi = {10.1103/physrevd.69.074020},
	year = 2004,
  
	publisher = {American Physical Society ({APS})},
  
	author = {Gudrun Hiller and Frank Kr端ger},
  
	title = {More model-independent analysis of $b \rightarrow s$ processes},
  
	journal = {Phys. Rev. D}
}
@misc{davidson2015photos,
      title={PHOTOS Interface in C++; Technical and Physics Documentation}, 
      author={N. Davidson and T. Przedzinski and Z. Was},
      year={2015},
      eprint={1011.0937},
      archivePrefix={arXiv},
      primaryClass={hep-ph}
}
@article{Lees_2012,
	doi = {10.1103/physrevd.86.032012},
	year = 2012,
	publisher = {{APS}},
  
	author = {{BABAR collaboration}},
  
	title = {Measurement of branching fractions and rate asymmetries in the rare decays$ $},
  
	journal = {Phys. Rev. D}
}
@article{Cranmer_2001,
	doi = {10.1016/s0010-4655(00)00243-5},
	year = 2001,
  
	publisher = {Elsevier {BV}
},
  
	author = {Kyle Cranmer},
  
	title = {Kernel estimation in high-energy physics},
  
	journal = {Comp. Phy. J}
}
@article{LHCb:2008vvz,
    author = "Alves, Jr., A. Augusto and others",
    collaboration = "LHCb",
    title = "{The LHCb Detector at the LHC}",
    reportNumber = "LHCb-DP-2008-001",
    doi = "10.1088/1748-0221/3/08/S08005",
    journal = "JINST",
    year = "2008"
}
@article{Bobeth_2007,
	doi = {10.1088/1126-6708/2007/12/040},
  
	year = 2007,
  
	publisher = {Springer Science and Business Media {LLC}
},
  
	author = {Christoph Bobeth and Gudrun Hiller and Giorgi Piranishvili},
  
	title = {{Angular distributions of $\overline{B} \rightarrow K \overline{\ell} \ell$ decays}},
  
	journal = {JHEP}
}
@article{hier1,
	doi = {10.1088/1748-0221/10/02/p02007},
  
	year = 2015,
  
	publisher = {{IOP} Publishing},
  
	author = {LHCb Collaboration},
  
	title = {Measurement of the track reconstruction efficiency at {LHCb}
},
  
	journal = {JINST}
}
@misc{hier2,
      title={CatBoost: unbiased boosting with categorical features}, 
      author={Liudmila Prokhorenkova and Gleb Gusev and Aleksandr Vorobev and Anna Veronika Dorogush and Andrey Gulin},
      year={2019},
      eprint={1706.09516},
      archivePrefix={arXiv},
      primaryClass={cs.LG}
}